% Encoding: UTF-8

@Article{Kollamudi2023,
  author       = {Kollamudi, Pavani and Koduru, Bhargavi and Poranki, Bharathi and Golla, Madhu Priya},
  date         = {2023},
  journaltitle = {Materials Today: Proceedings},
  title        = {Smart virtual assistant},
  doi          = {10.1016/j.matpr.2021.07.303},
  issn         = {2214-7853},
  pages        = {3575--3578},
  volume       = {80},
  abstract     = {Materials Today: Proceedings, 80 (2023) 3575-3578. doi:10.1016/j.matpr.2021.07.303},
  file         = {:C\:/Users/ianda/BachelorproefHogent/bronnen/Kollamudi2023.pdf:PDF},
  keywords     = {Assistant, Voice command, Home automation, Raspberry pi, GSM module},
  publisher    = {Elsevier BV},
}

@Article{KernanFreire2024,
  author       = {Kernan Freire, Samuel and Wang, Chaofan and Foosherian, Mina and Wellsandt, Stefan and Ruiz-Arenas, Santiago and Niforatos, Evangelos},
  date         = {2024-03},
  journaltitle = {Frontiers in Artificial Intelligence},
  title        = {Knowledge sharing in manufacturing using LLM-powered tools: user study and model benchmarking},
  doi          = {10.3389/frai.2024.1293084},
  issn         = {2624-8212},
  volume       = {7},
  file         = {:KernanFreire2024.pdf:PDF},
  publisher    = {Frontiers Media SA},
}

@Article{Topsakal2023,
  author       = {Topsakal, Oguzhan and Akinci, Tahir Cetin},
  date         = {2023-07},
  journaltitle = {International Conference on Applied Engineering and Natural Sciences},
  title        = {Creating Large Language Model Applications Utilizing LangChain: A Primer on Developing LLM Apps Fast},
  doi          = {10.59287/icaens.1127},
  issn         = {2980-3209},
  number       = {1},
  pages        = {1050--1056},
  volume       = {1},
  file         = {:Topsakal2023.pdf:PDF},
  publisher    = {All Sciences Proceedings},
}

@Article{Schmidt2024,
  author       = {Rainer Schmidt and Rainer Alt and Alfred Zimmermann},
  date         = {2024-12},
  journaltitle = {ICIS 2024 Proceedings},
  title        = {Generative Assistants for Handling Incidents in IT ServiceManagementï¿½},
  file         = {:Schmidt2024.pdf:PDF:https\://aisel.aisnet.org/icis2024/digtech_fow/digtech_fow/19},
}

@Misc{Zhao2024,
  author    = {Zhao, Penghao and Zhang, Hailin and Yu, Qinhan and Wang, Zhengren and Geng, Yunteng and Fu, Fangcheng and Yang, Ling and Zhang, Wentao and Jiang, Jie and Cui, Bin},
  date      = {2024},
  title     = {Retrieval-Augmented Generation for AI-Generated Content: A Survey},
  doi       = {10.48550/ARXIV.2402.19473},
  copyright = {arXiv.org perpetual, non-exclusive license},
  keywords  = {Computer Vision and Pattern Recognition (cs.CV), FOS: Computer and information sciences, FOS: Computer and information sciences},
  publisher = {arXiv},
}

@Comment{jabref-meta: databaseType:biblatex;}
